@ARTICLE{RtiMulti,
  author = {Maurizio Bocca, Ossi Kaltiokallio, and Neal Patwari},
  title = {Radio Tomographic Imaging for Ambient Assisted Living}
}

@ARTICLE{telosb,
  publisher = {Crossbow Technology, Inc.},
  title = {TelosB Mote Platform Datasheet}
}

@INPROCEEDINGS{Middleton2002,
  author = {S. E. Middleton and H. Alani and D. C. de Roure},
  title = {Exploiting Synergy between Ontologies and Recommender Systems},
  booktitle = {Proceedings of the Semantic Web Workshop at the WWW Conference},
  year = {2002},
  address = {Honolulu, HI}
}



@BOOK{salton89,
  title = {Automatic text processing --- the transformation, analysis, and retrieval of information by computer },
 
  year = {1989},
  author = {Gerard Salton},
  series = {Addison-Wesley series in computer science},
  annotate = {TFIDF}
}

